@misc{WFC_GitHub,
    author={Gumin, Maxim},
    title={Wave Function Collapse Algorithm},
    date={2016-09-30},
    publisher = {GitHub},
    journal = {GitHub repository},
    url={https://github.com/mxgmn/WaveFunctionCollapse},
    howpublished = {\url{https://github.com/mxgmn/WaveFunctionCollapse}},
    urldate={2023-03},
}
@misc{WFC_YouTube,
    author={Donald, Martin},
    title={Superpositions, Sudoku, the Wave Function Collapse algorithm.},
    date={2020-07-31},
    publisher = {YouTube},
    journal = {YouTube Video},
    url={https://www.youtube.com/watch?v=2SuvO4Gi7uY},
    howpublished = {\url{https://www.youtube.com/watch?v=2SuvO4Gi7uY}},
    urldate={2023-03},
}
@masterthesis{Mifek-2022,
    author={Mifek, Jakub},
    title={Procedural Generation of Minecraft Villages utilizing the Wave Function Collapse Algorithm},
    institution={Charles University, Department of Software and Computer Science Education},
    date={2022-02-02},
    location={Prague},
    pagetotal={66},
    url={https://dspace.cuni.cz/handle/20.500.11956/171653},
    urldate={2023-02-12},
}

@masterthesis{Eleni-2020,
    author={Chasioti, Eleni},
    title={Gameplay with encoded architectural tilesets: A computational framework for building massing design using the Wave Function Collapse algorithm},
    institution={Bartlett School of Architecture, University College London},
    date={2020-09-13},
    location={London},
    pagetotal={57},
    url={https://d1wqtxts1xzle7.cloudfront.net/65382253/Eleni_Chasioti_AC_dissertation-libre.pdf?1610221109=&response-content-disposition=inline%3B+filename%3DGameplay_with_encoded_architectural_tile.pdf&Expires=1678597398&Signature=QUUkaHNE84JXJJpeDt3hYBIgzFf-lkAfsj4YhSyo5~JbfKA7cgd7FZ60caxIWN0kJlqaNUy9bC3VgofhA1eoL8XrHjl9chYC8-FzPyYFLysWf0ViUcKJAROIM1D8XoHmRKh1dryelpaGk7-6Q9fzG6-GHRVRNxJca0qsLn0Kc-ctOhOndZgbfDgtUH2kngmoh-H5fNxqZc7sHTOtirvqdpvFTsv7YJ-XNS64UPWq-q6HE60mENTSYpFE~5WZoYkWDmXJvdI9OBmll2aeXvx2MYgE8WmhGt88z6~88SlLfa4mRzAoMsF2jZuRn7lWIOeqFxgxwj~Hih8SoPpyu7zy~Q__&Key-Pair-Id=APKAJLOHF5GGSLRBV4ZA},
    urldate={2023-02-12},
}
